<record><leader>00000cas a2200000 a 4500</leader><controlfield tag="001">51950334</controlfield><controlfield tag="008">030331d19591962cauwr ne      0    0eng c</controlfield><datafield ind1=" " ind2=" " tag="010"><subfield code="a">sn2003061121</subfield></datafield><datafield ind1=" " ind2=" " tag="040"><subfield code="a">CNK</subfield><subfield code="b">eng</subfield><subfield code="c">CNK</subfield><subfield code="d">CNK</subfield><subfield code="d">OCLCQ</subfield><subfield code="d">OCLCF</subfield><subfield code="d">OCLCO</subfield></datafield><datafield ind1="1" ind2=" " tag="029"><subfield code="a">AU@</subfield><subfield code="b">000024533466</subfield></datafield><datafield ind1=" " ind2=" " tag="042"><subfield code="a">pcc</subfield></datafield><datafield ind1=" " ind2=" " tag="043"><subfield code="a">n-us-ca</subfield></datafield><datafield ind1="0" ind2="0" tag="245"><subfield code="a">Moorpark Simi Valley enterprise.</subfield></datafield><datafield ind1="1" ind2="3" tag="246"><subfield code="a">Moorpark enterprise</subfield><subfield code="f">May 7, 1959</subfield></datafield><datafield ind1=" " ind2=" " tag="260"><subfield code="a">Moorpark, Ventura County, Calif. :</subfield><subfield code="b">Frank H. Wisner</subfield></datafield><datafield ind1=" " ind2=" " tag="300"><subfield code="a">v.</subfield></datafield><datafield ind1=" " ind2=" " tag="310"><subfield code="a">Weekly</subfield></datafield><datafield ind1="0" ind2=" " tag="362"><subfield code="a">Vol. 47, no. 42 (May 7, 1959)-v. 50, no. 30 (Feb. 15, 1962).</subfield></datafield><datafield ind1=" " ind2=" " tag="500"><subfield code="a">"The only newspaper devoted to the progress of all Simi Valley."</subfield></datafield><datafield ind1=" " ind2=" " tag="530"><subfield code="a">Master negatives are available for duplication from:</subfield><subfield code="b">California Newspaper Microfilm Archive;</subfield><subfield code="c">positive copies may be purchased by the reel; for further information consult the CNMA at:</subfield><subfield code="u">http://cbsr.ucr.edu</subfield></datafield><datafield ind1=" " ind2="0" tag="651"><subfield code="a">Moorpark (Calif.)</subfield><subfield code="v">Newspapers.</subfield></datafield><datafield ind1=" " ind2="0" tag="651"><subfield code="a">Simi Valley (Calif.)</subfield><subfield code="v">Newspapers.</subfield></datafield><datafield ind1=" " ind2="7" tag="655"><subfield code="a">Newspapers.</subfield><subfield code="2">fast</subfield><subfield code="0">(OCoLC)fst01423814</subfield></datafield><datafield ind1=" " ind2="7" tag="651"><subfield code="a">California</subfield><subfield code="z">Moorpark.</subfield><subfield code="2">fast</subfield><subfield code="0">(OCoLC)fst01219046</subfield></datafield><datafield ind1=" " ind2="7" tag="651"><subfield code="a">California</subfield><subfield code="z">Simi Valley.</subfield><subfield code="2">fast</subfield><subfield code="0">(OCoLC)fst01214312</subfield></datafield><datafield ind1=" " ind2=" " tag="752"><subfield code="a">United States</subfield><subfield code="b">California</subfield><subfield code="c">Ventura</subfield><subfield code="d">Moorpark.</subfield></datafield><datafield ind1="0" ind2="0" tag="780"><subfield code="t">Moorpark enterprise</subfield><subfield code="w">(DLC)sn 94051527</subfield></datafield><datafield ind1="0" ind2="0" tag="785"><subfield code="t">Simi Valley enterprise (Moorpark, Calif. : 1962)</subfield><subfield code="w">(DLC)sn2003061122</subfield></datafield></record>